<?xml version="1.0" encoding="UTF-8"?>
<ENVELOPE>
 <HEADER>
  <TALLYREQUEST>Import Data</TALLYREQUEST>
 </HEADER>
 <BODY>
  <IMPORTDATA>
   <REQUESTDESC>
    <REPORTNAME>Day Book</REPORTNAME>
   </REQUESTDESC>
   <REQUESTDATA>
    <TALLYMESSAGE>
     <LEDGER NAME="HDFC Bank" ACTION="Create">
      <PARENT>Bank Accounts</PARENT>
      <OPENINGBALANCE>0.00</OPENINGBALANCE>
      <CLOSINGBALANCE>-17654.33</CLOSINGBALANCE>
     </LEDGER>
    </TALLYMESSAGE>
    <TALLYMESSAGE>
     <LEDGER NAME="Sales" ACTION="Create">
      <PARENT>Sales Accounts</PARENT>
      <CLOSINGBALANCE>50000.00</CLOSINGBALANCE>
     </LEDGER>
    </TALLYMESSAGE>
    <TALLYMESSAGE>
     <LEDGER NAME="Rent" ACTION="Create">
      <PARENT>Indirect Expenses</PARENT>
      <CLOSINGBALANCE>-12345.67</CLOSINGBALANCE>
     </LEDGER>
    </TALLYMESSAGE>
    <TALLYMESSAGE>
     <LEDGER NAME="Sharma &amp; Co" ACTION="Create">
      <PARENT>Sundry Debtors</PARENT>
      <OPENINGBALANCE>0.00</OPENINGBALANCE>
      <CLOSINGBALANCE>-20000.00</CLOSINGBALANCE>
     </LEDGER>
    </TALLYMESSAGE>
    <TALLYMESSAGE>
     <VOUCHER VCHTYPE="Sales" ACTION="Create">
      <DATE>20260401</DATE>
      <VOUCHERTYPENAME>Sales</VOUCHERTYPENAME>
      <VOUCHERNUMBER>1</VOUCHERNUMBER>
      <NARRATION>Invoice INV-001 to Sharma &amp; Co</NARRATION>
      <ALLLEDGERENTRIES.LIST>
       <LEDGERNAME>Sharma &amp; Co</LEDGERNAME>
       <ISDEEMEDPOSITIVE>Yes</ISDEEMEDPOSITIVE>
       <AMOUNT>-50000.00</AMOUNT>
      </ALLLEDGERENTRIES.LIST>
      <ALLLEDGERENTRIES.LIST>
       <LEDGERNAME>Sales</LEDGERNAME>
       <ISDEEMEDPOSITIVE>No</ISDEEMEDPOSITIVE>
       <AMOUNT>50000.00</AMOUNT>
      </ALLLEDGERENTRIES.LIST>
     </VOUCHER>
    </TALLYMESSAGE>
    <TALLYMESSAGE>
     <VOUCHER VCHTYPE="Receipt" ACTION="Create">
      <DATE>20260405</DATE>
      <VOUCHERTYPENAME>Receipt</VOUCHERTYPENAME>
      <VOUCHERNUMBER>2</VOUCHERNUMBER>
      <NARRATION>Part payment against INV-001</NARRATION>
      <ALLLEDGERENTRIES.LIST>
       <LEDGERNAME>HDFC Bank</LEDGERNAME>
       <ISDEEMEDPOSITIVE>Yes</ISDEEMEDPOSITIVE>
       <AMOUNT>-30000.00</AMOUNT>
      </ALLLEDGERENTRIES.LIST>
      <ALLLEDGERENTRIES.LIST>
       <LEDGERNAME>Sharma &amp; Co</LEDGERNAME>
       <ISDEEMEDPOSITIVE>No</ISDEEMEDPOSITIVE>
       <AMOUNT>30000.00</AMOUNT>
      </ALLLEDGERENTRIES.LIST>
     </VOUCHER>
    </TALLYMESSAGE>
    <TALLYMESSAGE>
     <VOUCHER VCHTYPE="Payment" ACTION="Create">
      <DATE>20260407</DATE>
      <VOUCHERTYPENAME>Payment</VOUCHERTYPENAME>
      <VOUCHERNUMBER>3</VOUCHERNUMBER>
      <NARRATION>Office rent April (with paise)</NARRATION>
      <ALLLEDGERENTRIES.LIST>
       <LEDGERNAME>Rent</LEDGERNAME>
       <ISDEEMEDPOSITIVE>Yes</ISDEEMEDPOSITIVE>
       <AMOUNT>-12345.67</AMOUNT>
      </ALLLEDGERENTRIES.LIST>
      <ALLLEDGERENTRIES.LIST>
       <LEDGERNAME>HDFC Bank</LEDGERNAME>
       <ISDEEMEDPOSITIVE>No</ISDEEMEDPOSITIVE>
       <AMOUNT>12345.67</AMOUNT>
      </ALLLEDGERENTRIES.LIST>
     </VOUCHER>
    </TALLYMESSAGE>
   </REQUESTDATA>
  </IMPORTDATA>
 </BODY>
</ENVELOPE>
