<?xml version="1.0" encoding="UTF-8"?>
<ENVELOPE>
 <HEADER>
  <TALLYREQUEST>Import Data</TALLYREQUEST>
 </HEADER>
 <BODY>
  <IMPORTDATA>
   <REQUESTDESC>
    <REPORTNAME>Day Book</REPORTNAME>
   </REQUESTDESC>
   <REQUESTDATA>
    <TALLYMESSAGE>
     <LEDGER NAME="Cash" ACTION="Create">
      <PARENT>Cash-in-Hand</PARENT>
     </LEDGER>
    </TALLYMESSAGE>
    <TALLYMESSAGE>
     <LEDGER NAME="Misc Income" ACTION="Create">
      <PARENT>Indirect Incomes</PARENT>
     </LEDGER>
    </TALLYMESSAGE>
    <TALLYMESSAGE>
     <VOUCHER VCHTYPE="Receipt" ACTION="Create">
      <DATE>20260412</DATE>
      <VOUCHERTYPENAME>Receipt</VOUCHERTYPENAME>
      <VOUCHERNUMBER>R-99</VOUCHERNUMBER>
      <NARRATION>Off by one paisa on purpose</NARRATION>
      <ALLLEDGERENTRIES.LIST>
       <LEDGERNAME>Cash</LEDGERNAME>
       <ISDEEMEDPOSITIVE>Yes</ISDEEMEDPOSITIVE>
       <AMOUNT>-1000.00</AMOUNT>
      </ALLLEDGERENTRIES.LIST>
      <ALLLEDGERENTRIES.LIST>
       <LEDGERNAME>Misc Income</LEDGERNAME>
       <ISDEEMEDPOSITIVE>No</ISDEEMEDPOSITIVE>
       <AMOUNT>999.99</AMOUNT>
      </ALLLEDGERENTRIES.LIST>
     </VOUCHER>
    </TALLYMESSAGE>
   </REQUESTDATA>
  </IMPORTDATA>
 </BODY>
</ENVELOPE>
